@book{asako2018,
  author    = {浅古, 泰史},
  title     = {ゲーム理論で考える政治学 : フォーマルモデル入門},
  publisher = {有斐閣},
  year      = {2018}
}

@book{frieden2019,
  title     = {World politics: interests, interactions, institutions},
  author    = {Frieden, Jeffry A and Lake, David A and Schultz, Kenneth A},
  year      = {2019},
  publisher = {WW Norton}
}

@book{kubo2016,
  author    = {久保, 慶一 and 末近, 浩太 and 高橋, 百合子(政治学)},
  title     = {比較政治学の考え方},
  publisher = {有斐閣},
  year      = {2016}
}

@book{kume2011,
  author    = {久米, 郁男 and 川出, 良枝 and 古城, 佳子 and 田中, 愛治 and 真渕, 勝},
  title     = {政治学},
  publisher = {有斐閣},
  year      = {2011},
  edition   = {補訂版}
}

@book{murata2023,
  author    = {村田, 晃嗣 and 君塚, 直隆 and 石川, 卓 and 栗栖, 薫子 and 秋山, 信将},
  title     = {国際政治学をつかむ},
  publisher = {有斐閣},
  year      = {2023},
  edition   = {第3版}
}

@book{nakanishi2013,
  author    = {中西, 寛 and 石田, 淳 and 田所, 昌幸},
  title     = {国際政治学},
  publisher = {有斐閣},
  year      = {2013}
}

@book{ogawa2018,
  author    = {小川, 浩之 and 板橋, 拓己 and 青野, 利彦},
  title     = {国際政治史 : 主権国家体系のあゆみ},
  publisher = {有斐閣},
  year      = {2018}
}

@book{okada2020,
  author    = {岡田, 章},
  title     = {国際関係から学ぶゲーム理論 : 国際協力を実現するために},
  publisher = {有斐閣},
  year      = {2020}
}

@book{sakamoto2020,
  author    = {坂本, 治也 and 石橋, 章市朗},
  title     = {ポリティカル・サイエンス入門},
  publisher = {法律文化社},
  year      = {2020}
}

@book{shinoda2007,
  author    = {篠田, 英朗},
  title     = {国際社会の秩序},
  publisher = {東京大学出版会},
  year      = {2007}
}

@book{sunahara2020,
  author    = {砂原, 庸介 and 稗田, 健志 and 多湖, 淳},
  title     = {政治学の第一歩},
  publisher = {有斐閣},
  year      = {2020},
  edition   = {新版}
}

@article{tamada2016,
  author  = {玉田, 大},
  title   = {日本のICJ選択条項受諾宣言と留保},
  journal = {国際法学会エキスパート・コメント},
  year    = {2016},
  url     = {https://jsil.jp/archives/expert/2016-2}
}

@book{tamada2022,
  author    = {玉田, 大 and 水島, 朋則 and 山田, 卓平},
  title     = {国際法},
  publisher = {有斐閣},
  year      = {2022},
  edition   = {第2版}
}

@book{tanaka2010,
  author    = {田中, 明彦 and 中西, 寛},
  title     = {新・国際政治経済の基礎知識},
  publisher = {有斐閣},
  year      = {2010},
  edition   = {新版}
}

@book{yamakage2012,
  author    = {山影, 進},
  title     = {国際関係論講義},
  publisher = {東京大学出版会},
  year      = {2012}
}